<record><leader>00000cas a22000007a 4500</leader><controlfield tag="001">27834392</controlfield><controlfield tag="008">930331d1895189uctudn ne      0    0eng d</controlfield><datafield ind1=" " ind2=" " tag="010"><subfield code="a">sn 93053872 </subfield></datafield><datafield ind1=" " ind2=" " tag="040"><subfield code="a">CNW</subfield><subfield code="b">eng</subfield><subfield code="c">CNW</subfield><subfield code="d">OCLCQ</subfield></datafield><datafield ind1=" " ind2=" " tag="042"><subfield code="a">msc</subfield></datafield><datafield ind1="0" ind2=" " tag="130"><subfield code="a">City post (Stamford, Conn. : 1895)</subfield></datafield><datafield ind1="1" ind2="4" tag="245"><subfield code="a">The city post.</subfield></datafield><datafield ind1=" " ind2=" " tag="260"><subfield code="a">Stamford, Conn. :</subfield><subfield code="b">W.J. Kenefic</subfield></datafield><datafield ind1=" " ind2=" " tag="300"><subfield code="a">v.</subfield></datafield><datafield ind1=" " ind2=" " tag="310"><subfield code="a">Daily (except Sun.)</subfield></datafield><datafield ind1="0" ind2=" " tag="362"><subfield code="a">Vol. 4, no. 23 (Mar. 18, 1895)-</subfield></datafield><datafield ind1=" " ind2=" " tag="580"><subfield code="a">Weekly ed.: City post (Stamford, Conn. : 1894).</subfield></datafield><datafield ind1=" " ind2="4" tag="651"><subfield code="a">Stamford (Conn.)</subfield><subfield code="v">Newspapers.</subfield></datafield><datafield ind1=" " ind2=" " tag="752"><subfield code="a">United States</subfield><subfield code="b">Connecticut</subfield><subfield code="c">Fairfield</subfield><subfield code="d">Stamford.</subfield></datafield><datafield ind1="1" ind2=" " tag="775"><subfield code="t">City post (Stamford, Conn. : 1894)</subfield><subfield code="w">(DLC)sn 93053871</subfield></datafield><datafield ind1="1" ind2=" " tag="029"><subfield code="a">AU@</subfield><subfield code="b">000020737709</subfield></datafield></record>